@book{minixos,
  author =  "Andrew S. Tanenbaum",
  title =   "Operating System, Design and Implementation",
  year =    "1987"
}

@misc{minixmajor,
    title     = "Experiments with Minix Operating System",
    url       = "http://sudevambadi.me/MinixMajor/",
    author = "Dr Muralikrishnan, Sharath Hari N, Sudev A C"
}

@misc{immediate,
    title     = "Immediate Files",
    url       = "http://dare.ubvu.vu.nl/bitstream/handle/1871/2604/11033.pdf",
    author = "Andrew S. Tanenbaum, Sape J. Mullender"
}

@misc{minix3,
    title     = "Minix3 Develpers page",
    url       = "http://wiki.minix3.org/DevelopersGuide/VfsFsProtocol"
}
